<record><leader>00000cas a2200000 a 4500</leader><controlfield tag="001">36369414</controlfield><controlfield tag="008">970211d19241927oruwr ne      0    0eng c</controlfield><datafield ind1=" " ind2=" " tag="010"><subfield code="a">sn 96088305 </subfield></datafield><datafield ind1=" " ind2=" " tag="040"><subfield code="a">OCN</subfield><subfield code="b">eng</subfield><subfield code="c">OCN</subfield><subfield code="d">OCLCQ</subfield><subfield code="d">ORU</subfield><subfield code="d">OCLCQ</subfield><subfield code="d">OCLCF</subfield><subfield code="d">OCLCO</subfield></datafield><datafield ind1=" " ind2=" " tag="042"><subfield code="a">pcc</subfield></datafield><datafield ind1=" " ind2=" " tag="043"><subfield code="a">n-us-or</subfield></datafield><datafield ind1="0" ind2="0" tag="245"><subfield code="a">Rural enterprise.</subfield></datafield><datafield ind1=" " ind2=" " tag="260"><subfield code="a">Halsey, Or. :</subfield><subfield code="b">W.H. Wheeler,</subfield><subfield code="c">1924-1927.</subfield></datafield><datafield ind1=" " ind2=" " tag="300"><subfield code="a">4 v.</subfield></datafield><datafield ind1=" " ind2=" " tag="310"><subfield code="a">Weekly</subfield></datafield><datafield ind1="0" ind2=" " tag="362"><subfield code="a">Dec. 24, 1924-v. 16 no. 26 (Nov. 10, 1927).</subfield></datafield><datafield ind1=" " ind2=" " tag="530"><subfield code="a">Also issued on microfilm from University of Oregon.</subfield></datafield><datafield ind1=" " ind2="0" tag="651"><subfield code="a">Halsey (Or.)</subfield><subfield code="v">Newspapers.</subfield></datafield><datafield ind1=" " ind2="7" tag="655"><subfield code="a">Newspapers.</subfield><subfield code="2">fast</subfield><subfield code="0">(OCoLC)fst01423814</subfield></datafield><datafield ind1=" " ind2="7" tag="651"><subfield code="a">Oregon</subfield><subfield code="z">Halsey.</subfield><subfield code="2">fast</subfield><subfield code="0">(OCoLC)fst01221356</subfield></datafield><datafield ind1=" " ind2=" " tag="752"><subfield code="a">United States</subfield><subfield code="b">Oregon</subfield><subfield code="c">Linn</subfield><subfield code="d">Halsey.</subfield></datafield><datafield ind1="0" ind2="0" tag="780"><subfield code="t">Halsey enterprise (Halsey, Or. : 1917)</subfield><subfield code="w">(DLC)sn 96088304</subfield><subfield code="w">(OCoLC)36369407</subfield></datafield><datafield ind1="0" ind2="0" tag="785"><subfield code="t">Halsey enterprise (Halsey, Or. : 1927)</subfield><subfield code="w">(DLC)sn 96088306</subfield><subfield code="w">(OCoLC)36369420</subfield></datafield></record>